@book{Bryan O'Sullivan,
  title={The history of threads},
  author={Bryan O'Sullivan},
  url={http://www.serpentine.com/blog/threads-faq/the-history-of-threads/},
  year={2005},
}

@book{Jesus Garcia Garcia,
  title={NUcleos e Hilos de un procesador},
  author={Jesus Garcia Garcia},
  url={https://jesgargardon.com/blog/nucleos-e-hilos-de-un-procesador/},
  year={2019},
}

@book{Ramon Invarato Menendez,
  title={Multitarea e Hilos, facil y muchas ventajas},
  author={Ramon Invarato},
  url={https://jarroba.com/multitarea-e-hilos-facil-y-muchas-ventajas/},
  year={2013},
}

@book{Universidad de la Republica,
  title={Hilos},
  author={Universidad de la Republica},
  url={https://www.fing.edu.uy/tecnoinf/mvd/cursos/so/material/teo/so05-hilos.pdf},
}